@article{bornholdt,
author = {Bornholdt, Stefan},
title = {EXPECTATION BUBBLES IN A SPIN MODEL OF MARKETS: INTERMITTENCY FROM FRUSTRATION ACROSS SCALES},
journal = {International Journal of Modern Physics C},
volume = {12},
number = {05},
pages = {667-674},
year = {2001},
doi = {10.1142/S0129183101001845},
URL = { 
        https://doi.org/10.1142/S0129183101001845
},
eprint = { 
        https://doi.org/10.1142/S0129183101001845
}
}